<record><leader>00000cas a22000007a 4500</leader><controlfield tag="001">18122924</controlfield><controlfield tag="008">880622d18861908aruwr ne      0    0eng d</controlfield><datafield ind1=" " ind2=" " tag="010"><subfield code="a">sn 88051006 </subfield></datafield><datafield ind1=" " ind2=" " tag="040"><subfield code="a">ANU</subfield><subfield code="b">eng</subfield><subfield code="c">ANU</subfield><subfield code="d">OCLCQ</subfield></datafield><datafield ind1=" " ind2=" " tag="042"><subfield code="a">msc</subfield></datafield><datafield ind1="0" ind2="4" tag="245"><subfield code="a">The Fayetteville Republican.</subfield></datafield><datafield ind1=" " ind2=" " tag="260"><subfield code="a">Fayetteville, Washington Co., Ark. :</subfield><subfield code="b">Thomas Wainwright</subfield></datafield><datafield ind1=" " ind2=" " tag="300"><subfield code="a">v.</subfield></datafield><datafield ind1=" " ind2=" " tag="310"><subfield code="a">Weekly</subfield></datafield><datafield ind1="1" ind2=" " tag="362"><subfield code="a">Began in 1886; ceased in 1908?</subfield></datafield><datafield ind1=" " ind2=" " tag="588"><subfield code="a">Description based on: Vol. 2, no. 40 (Sept. 2, 1886).</subfield></datafield><datafield ind1=" " ind2=" " tag="752"><subfield code="a">United States</subfield><subfield code="b">Arkansas</subfield><subfield code="c">Washington</subfield><subfield code="d">Fayetteville.</subfield></datafield><datafield ind1="0" ind2="0" tag="780"><subfield code="t">West Fork Republican</subfield><subfield code="w">(DLC)sn 88051014</subfield></datafield><datafield ind1="0" ind2="7" tag="785"><subfield code="t">Washington County review</subfield><subfield code="w">(DLC)sn 88051015</subfield></datafield><datafield ind1="0" ind2="7" tag="785"><subfield code="t">Fayetteville Republican and Washington County review</subfield><subfield code="w">(DLC)sn 88051016</subfield></datafield></record>